@article{German2015,
  year={2015},
  issn={1382-3256},
  journal={Empirical Software Engineering},
  doi={10.1007/s10664-014-9356-2},
  title={Continuously mining distributed version control systems: an empirical study of how Linux uses Git},
  url={http://dx.doi.org/10.1007/s10664-014-9356-2},
  publisher={Springer US},
  keywords={Mining software repositories; Distributed version control; Rebasing; Empirical software engineering; Measuring bias; Linux; Open source development},
  author = {German, Daniel M and Adams, Bram and Hassan, Ahmed E},
  pages={1-40},
  language={English}
}

@Book{CVS2008,
  author={Per Cederqvist},
  title={Version Management with CVS},
  publisher={Free Software Foundation},
  year={2008},
  edition={1.11.23},
  pages={43}
}

@electronic{gitk:2015,
   author = "kernel.org",
   title = "gitk(1) Manual Page",
   year = "2015",
   url ={https://www.kernel.org/pub/software/scm/git/docs/gitk.html},
}

@electronic{treemap:2002,
   author = "Fekete, Jean-Daniel and Plaisant, Catherine",
   title = "Treemap Visualization of the Linux Kernel 2.5.33",
   year = "2002",
   url ={https://www.cs.umd.edu/hcil/millionvis/Treemap_Visualization_of_the_Linux_Kernel_2_5_33.html},
}

@electronic{list:2010,
    author= "Moghaddam, Aras",
    title= "Visualization of Code Contributions to Linux kernel",
    year= "2010",
    url={http://web.uvic.ca/~arasbm/gitVisualizations/linuxRGraph.html},
}

@inproceedings{Begel2010,
  author    = {Andrew Begel and
               Yit Phang Khoo and
               Thomas Zimmermann},
  title     = {Codebook: discovering and exploiting relationships in software repositories},
  booktitle = {Proceedings of the 32nd {ACM/IEEE} International Conference on Software
               Engineering - Volume 1, {ICSE} 2010, Cape Town, South Africa, 1-8
               May 2010},
  pages     = {125--134},
  year      = {2010},
  url       = {http://doi.acm.org/10.1145/1806799.1806821},
  doi       = {10.1145/1806799.1806821},
  timestamp = {Wed, 03 Feb 2016 18:18:52 +0100},
  biburl    = {http://dblp.uni-trier.de/rec/bib/conf/icse/BegelKZ10},
  bibsource = {dblp computer science bibliography, http://dblp.org}
}

@article{Cubranic2005,
  author    = {Davor Cubranic and
               Gail C. Murphy and
               Janice Singer and
               Kellogg S. Booth},
  title     = {Hipikat: {A} Project Memory for Software Development},
  journal   = {{IEEE} Trans. Software Eng.},
  volume    = {31},
  number    = {6},
  pages     = {446--465},
  year      = {2005},
}

@inproceedings{Burch2005,
  author    = {Michael Burch and
               Stephan Diehl and
               Peter Wei{\ss}gerber},
  editor    = {St{\'{e}}phane Ducasse and
               Michele Lanza and
               Andrian Marcus and
               Jonathan I. Maletic and
               Margaret{-}Anne D. Storey},
  title     = {EPOSee - {A} Tool For Visualizing Software Evolution},
  booktitle = {Proceedings of the 3rd International Workshop on Visualizing Software
               for Understanding and Analysis, {VISSOFT} 2005, Budapest, Hungary,
               September 25, 2005},
  pages     = {127--128},
  publisher = {{IEEE} Computer Society},
  year      = {2005},
}

@inproceedings{Caudwell2010,
  author    = {Andrew H. Caudwell},
  editor    = {William R. Cook and
               Siobh{\'{a}}n Clarke and
               Martin C. Rinard},
  title     = {Gource: visualizing software version control history},
  booktitle = {Companion to the 25th Annual {ACM} {SIGPLAN} Conference on Object-Oriented
               Programming, Systems, Languages, and Applications, {SPLASH/OOPSLA}
               2010, October 17-21, 2010, Reno/Tahoe, Nevada, {USA}},
  pages     = {73--74},
  publisher = {{ACM}},
  year      = {2010},
  url       = {http://doi.acm.org/10.1145/1869542.1869554},
  doi       = {10.1145/1869542.1869554},
  timestamp = {Wed, 27 Oct 2010 14:05:25 +0200},
  biburl    = {http://dblp.uni-trier.de/rec/bib/conf/oopsla/Caudwell10},
  bibsource = {dblp computer science bibliography, http://dblp.org}
}

@article{Reingold1981,
  author    = {Edward M. Reingold and
               John S. Tilford},
  title     = {Tidier Drawings of Trees},
  journal   = {{IEEE} Trans. Software Eng.},
  volume    = {7},
  number    = {2},
  pages     = {223--228},
  year      = {1981},
  url       = {http://dx.doi.org/10.1109/TSE.1981.234519},
  doi       = {10.1109/TSE.1981.234519},
  timestamp = {Thu, 10 Dec 2015 11:33:12 +0100},
  biburl    = {http://dblp.uni-trier.de/rec/bib/journals/tse/ReingoldT81},
  bibsource = {dblp computer science bibliography, http://dblp.org}
}

@article{Wetherell1979,
  author={Charles Wetherell and Alfred Shannon},
  journal={IEEE Transactions on Software Engineering},
  title={Tidy Drawings of Trees},
  year={1979},
  volume={SE-5},
  number={5},
  pages={514-520},
  keywords={Aesthetics;binary trees;computer graphics;drawing methods;trees;Binary trees;Computer graphics;Data structures;Heuristic algorithms;Inspection;Laboratories;Printers;Programming profession;Tree data structures;Tree graphs;Aesthetics;binary trees;computer graphics;drawing methods;trees},
  doi={10.1109/TSE.1979.234212},
  ISSN={0098-5589},
  month={Sept}
}


@inproceedings{Ambros2005,
        author={M. D'Ambros and M. Lanza and H. Gall},
        booktitle={3rd IEEE International Workshop on Visualizing Software for Understanding and Analysis},
        title={Fractal Figures: Visualizing Development Effort for CVS Entities},
        year={2005},
        pages={1-6},
        keywords={configuration management;data visualisation;software development management;software maintenance;CVS entities;Mozilla;Subversion;development effort visualization;file visualization;fractal figures;gestalt principles;software systems evolution;team development patterns;versioning systems;Fractals;History;Informatics;Information retrieval;Open source software;Pattern analysis;Programming;Project management;Software systems;Visualization},
        doi={10.1109/VISSOF.2005.1684303},
        month={}
}

@article{Ambros2009,
        author={M. D'Ambros and M. Lanza and M. Lungu},
        journal={IEEE Transactions on Software Engineering},
        title={Visualizing Co-Change Information with the Evolution Radar},
        year={2009},
        volume={35},
        number={5},
        pages={720-735},
        keywords={data visualisation;software engineering;systems re-engineering;abstraction;evolution radar;logical coupling information;open source software system analysis;software artifacts;software evolution analysis;system module;visualization;Software evolution;logical coupling.;software visualization},
        doi={10.1109/TSE.2009.17},
        ISSN={0098-5589},
        month={Sept}
}

@article{Eick2002,
        author={S. G. Eick and T. L. Graves and A. F. Karr and A. Mockus and P. Schuster},
        journal={IEEE Transactions on Software Engineering},
        title={Visualizing software changes},
        year={2002},
        volume={28},
        number={4},
        pages={396-412},
        keywords={program visualisation;software development management;software maintenance;systems re-engineering;bar charts;cityscapes;code structure;data sheets;matrix views;multiple views;pie charts;reengineering;software change process management;software change visualization;software development management;software engineering;software maintenance;visual metaphors;Visualization},
        doi={10.1109/TSE.2002.995435},
        ISSN={0098-5589},
        month={Apr}
}

@Article{McNemar1947,
  author="McNemar, Quinn",
  title="Note on the sampling error of the difference between correlated proportions or percentages",
  journal="Psychometrika",
  year="1947",
  month="Jun",
  day="01",
  volume="12",
  number="2",
  pages="153--157",
  abstract="Two formulas are presented for judging the significance of the difference between correlated proportions. The chi square equivalent of one of the developed formulas is pointed out.",
  issn="1860-0980",
  doi="10.1007/BF02295996",
  url="http://dx.doi.org/10.1007/BF02295996"
}

@inproceedings{Wang2006,
  author = {Wang, Weixin and Wang, Hui and Dai, Guozhong and Wang, Hongan},
  title = {Visualization of Large Hierarchical Data by Circle Packing},
  booktitle = {Proceedings of the SIGCHI Conference on Human Factors in Computing Systems},
  series = {CHI '06},
  year = {2006},
  isbn = {1-59593-372-7},
  location = {Montr\&\#233;al, Qu\&\#233;bec, Canada},
  pages = {517--520},
  numpages = {4},
  url = {http://doi.acm.org/10.1145/1124772.1124851},
  doi = {10.1145/1124772.1124851},
  acmid = {1124851},
  publisher = {ACM},
  address = {New York, NY, USA},
  keywords = {circle packing, file system, nested circles, tree visualization},
}

@inproceedings{Boardman2000,
        author = {Boardman, Richard},
        title = {Bubble Trees the Visualization of Hierarchical Information Structures},
        booktitle = {CHI '00 Extended Abstracts on Human Factors in Computing Systems},
        series = {CHI EA '00},
        year = {2000},
        isbn = {1-58113-248-4},
        location = {The Hague, The Netherlands},
        pages = {315--316},
        numpages = {2},
        url = {http://doi.acm.org/10.1145/633292.633484},
        doi = {10.1145/633292.633484},
        acmid = {633484},
        publisher = {ACM},
        address = {New York, NY, USA},
        keywords = {aggregation, categorization, enclosure, focus+context, navigation, tree visualization}
}

@article{Wilcoxon45,
 ISSN = {00994987},
 author = {Frank Wilcoxon},
 journal = {Biometrics Bulletin},
 number = {6},
 pages = {80-83},
 publisher = {[International Biometric Society, Wiley]},
 title = {Individual Comparisons by Ranking Methods},
 volume = {1},
 year = {1945}
}

@article{Cliff93,
  author={Norman Cliff},
  title={Dominance Statistics: Ordinal analyses to answer ordinal questions},
  journal={Psychological Bulletin},
  volume={114},
  number={3},
  year={1993},
  pages={494--509},
  doi = {10.1037/0033-2909.114.3.494}
}

@ARTICLE{ogawa09,
  author={M. Ogawa and K. L. Ma},
  journal={IEEE Transactions on Visualization and Computer Graphics},
  title={code\_swarm: A Design Study in Organic Software Visualization},
  year={2009},
  volume={15},
  number={6},
  pages={1097-1104},
  keywords={data visualisation;public domain software;software maintenance;video signal processing;code_swarm;design methodology;open source information visualization practice;organic information design;organic information visualization technique;organic software visualization;software development evolution;software development history;software visualization videos;Animation;Application software;Data visualization;Design methodology;History;Humans;Open source software;Programming;Software quality;Videos;Software visualization;organic information visualization;software development history and evolution.},
  doi={10.1109/TVCG.2009.123},
  ISSN={1077-2626},
  month={Nov},}

@inproceedings{Heller2011,
 author = {Heller, Brandon and Marschner, Eli and Rosenfeld, Evan and Heer, Jeffrey},
 title = {Visualizing Collaboration and Influence in the Open-source Software Community},
 booktitle = {Proceedings of the 8th Working Conference on Mining Software Repositories},
 series = {MSR '11},
 year = {2011},
 isbn = {978-1-4503-0574-7},
 location = {Waikiki, Honolulu, HI, USA},
 pages = {223--226},
 numpages = {4},
 url = {http://doi.acm.org/10.1145/1985441.1985476},
 doi = {10.1145/1985441.1985476},
 acmid = {1985476},
 publisher = {ACM},
 address = {New York, NY, USA},
 keywords = {collaboration, data exploration, geoscatter, github, mapping, open source, social graph, visualization},
}
